@unpublished{preethi,
   author = "Preethi Padmanabhan",
   title = "CMOS Readout Circuit for GaN Photodiodes",
   note = "JPL Summer Internship (July-September 2015)",
}

@inproceedings{nikzad2015silicon,
      title={Silicon and III-N UV Photon Counting Detectors},
      author={Nikzad, Shouleh and Hennessy, John J and Hoenk, Michael E and Jewell, April D and Carver, Alex G and Goodsall, Timothy M and Jones, Todd J and Hamden, E and Bell, LD},
      booktitle={International Image Sensors Workshop, Vaals, the Netherlands},
      year={2015}
}

@article{choi2009geiger,
      title={Geiger-mode operation of GaN avalanche photodiodes grown on GaN substrates},
        author={Choi, Suk and Kim, Hee Jin and Zhang, Yun and Bai, Xiaogang and Yoo, Dongwon and Limb, Jae and Ryou, Jae-Hyun and Shen, Shyh-Chiang and Yoder, PD and Dupuis, Russell D},
          journal={IEEE Photonics Technology Letters},
            volume={21},
              number={20},
                pages={1526--1528},
                  year={2009},
                    publisher={IEEE}
}

@article{verghese2001gan,
      title={GaN avalanche photodiodes operating in linear-gain mode and Geiger mode},
        author={Verghese, Simon and McIntosh, KA and Molnar, Richard J and Mahoney, Leonard J and Aggarwal, Roshan L and Geis, Michael W and Molvar, Karen M and Duerr, Eric K and Melngailis, Ivars},
          journal={IEEE Transactions on Electron Devices},
            volume={48},
              number={3},
                pages={502--511},
                  year={2001},
                    publisher={IEEE}
}

@article{carrano2000gan,
      title={GaN avalanche photodiodes},
        author={Carrano, JC and Lambert, DJH and Eiting, CJ and Collins, CJ and Li, T and Wang, S and Yang, B and Beck, AL and Dupuis, RD and Campbell, JC},
          journal={Applied Physics Letters},
            volume={76},
              number={7},
                pages={924--926},
                  year={2000},
                    publisher={AIP Publishing}
}


@article{nikzad2016single,
      title={Single Photon Counting UV Solar-Blind Detectors Using Silicon and III-Nitride Materials},
        author={Nikzad, Shouleh and Hoenk, Michael and Jewell, April D and Hennessy, John J and Carver, Alexander G and Jones, Todd J and Goodsall, Timothy M and Hamden, Erika T and Suvarna, Puneet and Bulmer, J and others},
          journal={Sensors},
            volume={16},
              number={6},
                pages={927},
                  year={2016},
                    publisher={Multidisciplinary Digital Publishing Institute}
}
